<record><leader>00000cas a22000007a 4500</leader><controlfield tag="001">13724958</controlfield><controlfield tag="008">860612d1880188uinudn ne      0    0eng d</controlfield><datafield ind1=" " ind2=" " tag="010"><subfield code="a">sn 86058594 </subfield></datafield><datafield ind1=" " ind2=" " tag="040"><subfield code="a">NPI</subfield><subfield code="b">eng</subfield><subfield code="c">NPI</subfield><subfield code="d">OCLCQ</subfield></datafield><datafield ind1=" " ind2=" " tag="042"><subfield code="a">msc</subfield></datafield><datafield ind1="0" ind2=" " tag="130"><subfield code="a">Daily courier (New Castle, Ind. : 1880)</subfield></datafield><datafield ind1="1" ind2="0" tag="245"><subfield code="a">Daily courier.</subfield></datafield><datafield ind1=" " ind2=" " tag="260"><subfield code="a">New Castle, Ind. :</subfield><subfield code="b">[s.n.]</subfield></datafield><datafield ind1=" " ind2=" " tag="300"><subfield code="a">v. :</subfield><subfield code="b">ill. (chiefly advertisements) ;</subfield><subfield code="c">57 cm.</subfield></datafield><datafield ind1=" " ind2=" " tag="310"><subfield code="a">Daily (except Sun.)</subfield></datafield><datafield ind1="1" ind2=" " tag="362"><subfield code="a">Began in Nov. 1880?</subfield></datafield><datafield ind1=" " ind2=" " tag="515"><subfield code="a">Numbering added at later time, &lt;Vol. 5, no. 4 (Sept. 21, 1883)&gt;. Basis for v. numbering is unclear.</subfield></datafield><datafield ind1=" " ind2=" " tag="580"><subfield code="a">Published also in a weekly edition called: New Castle courier (New Castle, Ind. : 1873).</subfield></datafield><datafield ind1=" " ind2=" " tag="588"><subfield code="a">Description based on: Sept. 20, 1881.</subfield></datafield><datafield ind1=" " ind2=" " tag="752"><subfield code="a">United States</subfield><subfield code="b">Indiana</subfield><subfield code="c">Henry</subfield><subfield code="d">New Castle.</subfield></datafield><datafield ind1="1" ind2=" " tag="775"><subfield code="t">New Castle courier (New Castle, Ind. : 1873)</subfield><subfield code="w">(DLC)sn 84038033</subfield></datafield><datafield ind1="0" ind2="0" tag="780"><subfield code="t">Daily noon courier</subfield><subfield code="w">(DLC)sn 86058593</subfield></datafield></record>